<record><leader>00000cas a22000007a 4500</leader><controlfield tag="001">9735285</controlfield><controlfield tag="008">830725d19221924pauwr ne      0    0yidod</controlfield><controlfield tag="009">540</controlfield><datafield ind1=" " ind2=" " tag="010"><subfield code="a">sn 83045847 </subfield></datafield><datafield ind1=" " ind2=" " tag="040"><subfield code="a">CRL</subfield><subfield code="b">eng</subfield><subfield code="c">CRL</subfield><subfield code="d">NPW</subfield><subfield code="d">NPH</subfield><subfield code="d">OCL</subfield><subfield code="d">YOX</subfield><subfield code="d">CRL</subfield><subfield code="d">MGN</subfield><subfield code="d">OCLCQ</subfield><subfield code="d">KRTAS</subfield><subfield code="d">OCLCF</subfield><subfield code="d">OCLCO</subfield></datafield><datafield ind1=" " ind2=" " tag="019"><subfield code="a">9739335</subfield></datafield><datafield ind1="1" ind2=" " tag="029"><subfield code="a">AU@</subfield><subfield code="b">000025818725</subfield></datafield><datafield ind1="0" ind2=" " tag="041"><subfield code="a">yidengheb</subfield></datafield><datafield ind1=" " ind2=" " tag="042"><subfield code="a">msc</subfield></datafield><datafield ind1=" " ind2=" " tag="043"><subfield code="a">n-us-pa</subfield></datafield><datafield ind1="0" ind2="4" tag="245"><subfield code="a">Der Idisher folk&#803;sfreynd =</subfield><subfield code="b">The Jewish Volksfreund.</subfield></datafield><datafield ind1="3" ind2="1" tag="246"><subfield code="a">Jewish Volksfreund</subfield></datafield><datafield ind1=" " ind2=" " tag="260"><subfield code="a">Pittsburgh, Pa. :</subfield><subfield code="b">Jewish Volksfreund Pub. Co.,</subfield><subfield code="c">1922-</subfield></datafield><datafield ind1=" " ind2=" " tag="300"><subfield code="a">v. :</subfield><subfield code="b">ill.</subfield></datafield><datafield ind1=" " ind2=" " tag="310"><subfield code="a">Weekly</subfield></datafield><datafield ind1="0" ind2=" " tag="362"><subfield code="a">Vol. 35, no. 1716 (July 7, 1922)-</subfield></datafield><datafield ind1="1" ind2=" " tag="362"><subfield code="a">Ceased in Apr. 1924.</subfield></datafield><datafield ind1=" " ind2=" " tag="500"><subfield code="a">"The only Yiddish newspaper in Western Penn'a."</subfield></datafield><datafield ind1=" " ind2=" " tag="546"><subfield code="a">In Yiddish, English and Hebrew.</subfield></datafield><datafield ind1=" " ind2="0" tag="650"><subfield code="a">Jewish newspapers</subfield><subfield code="z">United States.</subfield></datafield><datafield ind1=" " ind2="4" tag="651"><subfield code="a">Pittsburgh (Pa.)</subfield><subfield code="v">Newspapers.</subfield></datafield><datafield ind1=" " ind2="7" tag="650"><subfield code="a">Jewish newspapers.</subfield><subfield code="2">fast</subfield><subfield code="0">(OCoLC)fst00982872</subfield></datafield><datafield ind1=" " ind2="7" tag="651"><subfield code="a">United States.</subfield><subfield code="2">fast</subfield><subfield code="0">(OCoLC)fst01204155</subfield></datafield><datafield ind1=" " ind2=" " tag="752"><subfield code="a">United States</subfield><subfield code="b">Pennsylvania</subfield><subfield code="c">Allegheny</subfield><subfield code="d">Pittsburgh.</subfield></datafield><datafield ind1="0" ind2="0" tag="780"><subfield code="t">Folk&#803;sfreynd</subfield><subfield code="w">(DLC)sn 83045848</subfield><subfield code="w">(OCoLC)9736981</subfield></datafield><datafield ind1="0" ind2="0" tag="785"><subfield code="t">V&#803;egv&#803;ayzer (Pittsburgh, Pa. : 1924)</subfield><subfield code="w">(DLC)sn 85054612</subfield></datafield><datafield ind1=" " ind2=" " tag="938"><subfield code="a">Kirtas Technologies, Inc.</subfield><subfield code="b">KRTS</subfield><subfield code="n">737147</subfield></datafield></record>